@article{murphy2020testing,
  title     = {Testing the independence of self-reported interoceptive accuracy and attention},
  author    = {Murphy, Jennifer and Brewer, Rebecca and Plans, David and Khalsa, Sahib S and Catmur, Caroline and Bird, Geoffrey},
  journal   = {Quarterly Journal of Experimental Psychology},
  volume    = {73},
  number    = {1},
  pages     = {115--133},
  year      = {2020},
  publisher = {Sage Publications Sage UK: London, England}
}

@article{ludecke2020extracting,
  title   = {Extracting, computing and exploring the parameters of statistical models using R},
  author  = {L{\"u}decke, Daniel and Ben-Shachar, Mattan S and Patil, Indrajeet and Makowski, Dominique},
  journal = {Journal of Open Source Software},
  volume  = {5},
  number  = {53},
  pages   = {2445},
  year    = {2020}
}

@article{makowski2018psycho,
  title   = {The psycho package: An efficient and publishing-oriented workflow for psychological science},
  author  = {Makowski, Dominique},
  journal = {Journal of Open Source Software},
  volume  = {3},
  number  = {22},
  pages   = {470},
  year    = {2018}
}