@book{brownHowKilledPluto2012,
	address = {New York},
	title = {How {I} killed {Pluto} and why it had it coming},
	publisher = {Spiegel \& Grau},
	author = {Brown, Mike},
	year = {2012},
}

@article{kroenke2007anxiety,
  title={Anxiety disorders in primary care: prevalence, impairment, comorbidity, and detection},
  author={Kroenke, Kurt and Spitzer, Robert L and Williams, Janet BW and Monahan, Patrick O and L{\"o}we, Bernd},
  journal={Annals of internal medicine},
  volume={146},
  number={5},
  pages={317--325},
  year={2007},
  publisher={American College of Physicians}
}

@article{zsido2020development,
  title={Development of the short version of the spielberger state—trait anxiety inventory},
  author={Zsido, Andras N and Teleki, Szidalisz A and Csokasi, Krisztina and Rozsa, Sandor and Bandi, Szabolcs A},
  journal={Psychiatry research},
  volume={291},
  pages={113223},
  year={2020},
  publisher={Elsevier}
}

@article{zanarini2003zanarini,
  title={Zanarini Rating Scale for Borderline Personality Disorder (ZAN-BPD): a continuous measure of DSM-IV borderline psychopathology},
  author={Zanarini, Mary C},
  journal={Journal of personality disorders},
  volume={17},
  number={3},
  pages={233--242},
  year={2003},
  publisher={Guilford Press}
}

@article{brewer2016alexithymia,
  title={Alexithymia: a general deficit of interoception},
  author={Brewer, Rebecca and Cook, Richard and Bird, Geoffrey},
  journal={Royal Society open science},
  volume={3},
  number={10},
  pages={150664},
  year={2016},
  publisher={The Royal Society}
}

@article{kroenke2002phq,
  title={The PHQ-15: validity of a new measure for evaluating the severity of somatic symptoms},
  author={Kroenke, Kurt and Spitzer, Robert L and Williams, Janet BW},
  journal={Psychosomatic medicine},
  volume={64},
  number={2},
  pages={258--266},
  year={2002},
  publisher={LWW}
}
@article{sibley2011mini,
  title={The Mini-IPIP6: Validation and extension of a short measure of the Big-Six factors of personality in New Zealand.},
  author={Sibley, Chris G and Luyten, Nils and Purnomo, Missy and Mobberley, Annelise and Wootton, Liz W and Hammond, Matthew D and Sengupta, Nikhil and Perry, Ryan and West-Newman, Tim and Wilson, Marc Stewart and others},
  journal={New Zealand Journal of Psychology},
  volume={40},
  number={3},
  year={2011}
}

@article{clifton2021brief,
  title={Brief measures of the four highest-order primal world beliefs.},
  author={Clifton, Jeremy DW and Yaden, David B},
  journal={Psychological Assessment},
  volume={33},
  number={12},
  pages={1267},
  year={2021},
  publisher={American Psychological Association}
}

@article{costa1992normal,
  title={Normal personality assessment in clinical practice: The NEO Personality Inventory.},
  author={Costa, Paul T and McCrae, Robert R},
  journal={Psychological assessment},
  volume={4},
  number={1},
  pages={5},
  year={1992},
  publisher={American Psychological Association}
}
@article{lang2011short,
  title={Short assessment of the Big Five: Robust across survey methods except telephone interviewing},
  author={Lang, Frieder R and John, Dennis and L{\"u}dtke, Oliver and Schupp, J{\"u}rgen and Wagner, Gert G},
  journal={Behavior research methods},
  volume={43},
  pages={548--567},
  year={2011},
  publisher={Springer}
}
@article{thimm2016personality,
  title={The Personality Inventory for DSM-5 Short Form (PID-5-SF): psychometric properties and association with big five traits and pathological beliefs in a Norwegian population},
  author={Thimm, Jens C and Jordan, Stian and Bach, Bo},
  journal={BMC psychology},
  volume={4},
  pages={1--11},
  year={2016},
  publisher={Springer}
}

@article{hoekstra2011construction,
  title={The construction and validation of an abridged version of the autism-spectrum quotient (AQ-Short)},
  author={Hoekstra, Rosa A and Vinkhuyzen, Anna AE and Wheelwright, Sally and Bartels, Meike and Boomsma, Dorret I and Baron-Cohen, Simon and Posthuma, Danielle and Van Der Sluis, Sophie},
  journal={Journal of autism and developmental disorders},
  volume={41},
  pages={589--596},
  year={2011},
  publisher={Springer}
}

@article{davidson2016schizotypal,
  title={Schizotypal personality questionnaire--brief revised (updated): An update of norms, factor structure, and item content in a large non-clinical young adult sample},
  author={Davidson, Charlie A and Hoffman, Lesa and Spaulding, William D},
  journal={Psychiatry research},
  volume={238},
  pages={345--355},
  year={2016},
  publisher={Elsevier}
}

@article{messer1995development,
  title={Development of a short questionnaire for use in epidemiological studies of depression in children and adolescents: Factor composition and structure across development},
  author={Messer, Stephen C and Angold, Adrian and Costello, E Jane and Loeber, Rolf and Van Kammen, Welmoet and Stouthamer-Loeber, Magda},
  journal={International journal of methods in psychiatric research},
  volume={5},
  pages={251--262},
  year={1995},
  publisher={JOHN WILEY \& SONS LTD.}
}

@article{kroenke2001phq,
  title={The PHQ-9: validity of a brief depression severity measure},
  author={Kroenke, Kurt and Spitzer, Robert L and Williams, Janet BW},
  journal={Journal of general internal medicine},
  volume={16},
  number={9},
  pages={606--613},
  year={2001},
  publisher={Wiley Online Library}
}

@article{kroenke2003patient,
  title={The Patient Health Questionnaire-2: validity of a two-item depression screener},
  author={Kroenke, Kurt and Spitzer, Robert L and Williams, Janet BW},
  journal={Medical care},
  volume={41},
  number={11},
  pages={1284--1292},
  year={2003},
  publisher={LWW}
}

@article{beck1996beck,
  title={Beck depression inventory--II},
  author={Beck, Aaron T and Steer, Robert A and Brown, Gregory},
  journal={Psychological assessment},
  year={1996}
}

@article{spielberger1970manual,
  title={Manual for the State-Trait Anxiety Inventory (self-evaluation questionnaire)},
  author={Spielberger, Charles Donald},
  journal={(No Title)},
  year={1970}
}

@article{bagby1994twenty,
  title={The twenty-item Toronto Alexithymia Scale—I. Item selection and cross-validation of the factor structure},
  author={Bagby, R Michael and Parker, James DA and Taylor, Graeme J},
  journal={Journal of psychosomatic research},
  volume={38},
  number={1},
  pages={23--32},
  year={1994},
  publisher={Elsevier}
}

@article{vorst2001validity,
  title={Validity and reliability of the Bermond--Vorst alexithymia questionnaire},
  author={Vorst, Harrie CM and Bermond, Bob},
  journal={Personality and individual differences},
  volume={30},
  number={3},
  pages={413--434},
  year={2001},
  publisher={Elsevier}
}

@book{CameronTrivedi2013,
  author    = {A. Colin Cameron and Pravin K. Trivedi},
  title     = {Regression Analysis of Count Data},
  year      = {2013},
  edition   = {2nd},
  publisher = {Cambridge University Press},
  address   = {Cambridge},
  doi       = {10.1017/CBO9781139013567}
}
@book{cohen2003applied,
  title     = {Applied multiple regression/correlation analysis for the behavioral sciences},
  author    = {Cohen, Jacob and Cohen, Patricia and West, Stephen G and Aiken, Leona S},
  year      = {2003},
  edition   = {3rd},
  publisher = {Lawrence Erlbaum Associates}
}
@book{austenMansfieldPark1990,
  title     = {Mansfield {P}ark},
  author    = {Austen, Jane},
  year      = {1990},
  origdate  = {1814},
  publisher = {Oxford University Press}
}
@article{schneider2012cattell,
  title={The {Cattell-Horn-Carroll} model of intelligence.},
  author={Schneider, W Joel and McGrew, Kevin S},
  year={2012},
  publisher={The Guilford Press}
}
@article{schneider2015intelligence,
  title={Intelligence is multidimensional: Theoretical review and implications of specific cognitive abilities},
  author={Schneider, W Joel and Newman, Daniel A},
  journal={Human Resource Management Review},
  volume={25},
  number={1},
  pages={12--27},
  year={2015},
  publisher={Elsevier}
}
@article{bentley1929instructions,
  title={Instructions in regard to preparation of manuscript.},
  author={Bentley, Madison and Peerenboom, CA and Hodge, FW and Passano, Edward B and Warren, HC and Washburn, MF},
  journal={Psychological Bulletin},
  volume={26},
  number={2},
  pages={57},
  year={1929},
  publisher={Psychological Review Company}
}
@book{americanpsychologicalassociationPublicationManualAmerican2020,
  title = {Publication Manual of the {American Psychological Association}},
  author = {{American Psychological Association}},
  year = {2020},
  edition = {7},
  publisher = {Author},
  address = {Washington, D.C.},
  doi = {10.1037/0000173-000},
}
@book{ConciseGuideAPA2020,
  title = {Concise Guide to {{APA Style}}: {{The}} Official {{APA Style}} Guide for Students (7th Ed.).},
  shorttitle = {Concise Guide to {{APA Style}}},
  year = {2020},
  author = {{American Psychological Association}},
  publisher = {Author},
  address = {Washington},
  doi = {10.1037/0000173-000},
  url = {http://content.apa.org/books/16157-000},
  urldate = {2024-03-02},
  isbn = {978-1-4338-3273-4 978-1-4338-3276-5},
  langid = {english}
}
@book{americanpsychologicalassociationMasteringAPAStyle2021,
  title = {Mastering {APA Style} student workbook.},
  year = {2021},
  author = {{American Psychological Association}},
  publisher = {Author},
  address = {Washington},
  doi = {10.1037/0000271-000},
  isbn = {978-1-4338-3854-5},
  langid = {english}
}

@article{christensen2023,
	title = {Unique Variable Analysis: A Network Psychometrics Method to Detect Local Dependence},
	author = {Christensen, Alexander P. and Garrido, Luis Eduardo and Golino, Hudson},
	year = {2023},
	month = {05},
	date = {2023-05-04},
	journal = {Multivariate Behavioral Research},
	pages = {1165--1182},
	volume = {58},
	number = {6},
	doi = {10.1080/00273171.2023.2194606},
	url = {http://dx.doi.org/10.1080/00273171.2023.2194606},
	langid = {en}
}

@article{ben2020effectsize,
  title={effectsize: Estimation of effect size indices and standardized parameters},
  author={Ben-Shachar, Mattan S and L{\"u}decke, Daniel and Makowski, Dominique},
  journal={Journal of Open Source Software},
  volume={5},
  number={56},
  pages={2815},
  year={2020}
}

@article{garfinkel2015knowing,
  title={Knowing your own heart: distinguishing interoceptive accuracy from interoceptive awareness},
  author={Garfinkel, Sarah N and Seth, Anil K and Barrett, Adam B and Suzuki, Keisuke and Critchley, Hugo D},
  journal={Biological psychology},
  volume={104},
  pages={65--74},
  year={2015},
  publisher={Elsevier}
}

@article{leising2009toronto,
  title={The Toronto Alexithymia Scale (TAS-20): A measure of general psychological distress},
  author={Leising, Daniel and Grande, Tilman and Faber, Rainer},
  journal={Journal of research in personality},
  volume={43},
  number={4},
  pages={707--710},
  year={2009},
  publisher={Elsevier}
}

@article{suksasilp2022towards,
  title={Towards a comprehensive assessment of interoception in a multi-dimensional framework},
  author={Suksasilp, Chatrin and Garfinkel, Sarah N},
  journal={Biological Psychology},
  volume={168},
  pages={108262},
  year={2022},
  publisher={Elsevier}
}

@article{khalsa2018interoception,
  title={Interoception and mental health: a roadmap},
  author={Khalsa, Sahib S and Adolphs, Ralph and Cameron, Oliver G and Critchley, Hugo D and Davenport, Paul W and Feinstein, Justin S and Feusner, Jamie D and Garfinkel, Sarah N and Lane, Richard D and Mehling, Wolf E and others},
  journal={Biological psychiatry: cognitive neuroscience and neuroimaging},
  volume={3},
  number={6},
  pages={501--513},
  year={2018},
  publisher={Elsevier}
}

@article{khalsa2018,
	title = {Interoception and Mental Health: A Roadmap},
	author = {Khalsa, Sahib S. and Adolphs, Ralph and Cameron, Oliver G. and Critchley, Hugo D. and Davenport, Paul W. and Feinstein, Justin S. and Feusner, Jamie D. and Garfinkel, Sarah N. and Lane, Richard D. and Mehling, Wolf E. and Meuret, Alicia E. and Nemeroff, Charles B. and Oppenheimer, Stephen and Petzschner, Frederike H. and Pollatos, Olga and Rhudy, Jamie L. and Schramm, Lawrence P. and Simmons, W. Kyle and Stein, Murray B. and Stephan, Klaas E. and Van den Bergh, Omer and Van Diest, Ilse and von Leupoldt, Andreas and Paulus, Martin P. and Ainley, Vivien and Al Zoubi, Obada and Aupperle, Robin and Avery, Jason and Baxter, Leslie and Benke, Christoph and Berner, Laura and Bodurka, Jerzy and Breese, Eric and Brown, Tiffany and Burrows, Kaiping and Cha, Yoon-Hee and Clausen, Ashley and Cosgrove, Kelly and Deville, Danielle and Duncan, Laramie and Duquette, Patrice and Ekhtiari, Hamed and Fine, Thomas and Ford, Bart and Garcia Cordero, Indira and Gleghorn, Diamond and Guereca, Yvette and Harrison, Neil A. and Hassanpour, Mahlega and Hechler, Tanja and Heller, Aaron and Hellman, Natalie and Herbert, Beate and Jarrahi, Behnaz and Kerr, Kara and Kirlic, Namik and Klabunde, Megan and Kraynak, Thomas and Kriegsman, Michael and Kroll, Juliet and Kuplicki, Rayus and Lapidus, Rachel and Le, Trang and Hagen, Kyle Logie and Mayeli, Ahmad and Morris, Amanda and Naqvi, Nasir and Oldroyd, Kristina and {Pané-Farré}, Christiane and Phillips, Raquel and Poppa, Tasha and Potter, Willliam and Puhl, Maria and Safron, Adam and Sala, Margaret and Savitz, Jonathan and Saxon, Heather and Schoenhals, Will and Stanwell-Smith, Colin and Teed, Adam and Terasawa, Yuri and Thompson, Katie and Toups, Marisa and Umeda, Satoshi and Upshaw, Valerie and Victor, Teresa and Wierenga, Christina and Wohlrab, Colleen and Yeh, Hung-wen and Yoris, Adrian and Zeidan, Fadel and Zotev, Vadim and Zucker, Nancy},
	year = {2018},
	month = {06},
	date = {2018-06},
	journal = {Biological Psychiatry: Cognitive Neuroscience and Neuroimaging},
	pages = {501--513},
	volume = {3},
	number = {6},
	doi = {10.1016/j.bpsc.2017.12.004},
	url = {http://dx.doi.org/10.1016/j.bpsc.2017.12.004},
	langid = {en}
}

@article{jahedi2014,
	title = {On the advantages and disadvantages of subjective measures},
	author = {Jahedi, Salar and {Méndez}, Fabio},
	year = {2014},
	month = {02},
	date = {2014-02},
	journal = {Journal of Economic Behavior & Organization},
	pages = {97--114},
	volume = {98},
	doi = {10.1016/j.jebo.2013.12.016},
	url = {http://dx.doi.org/10.1016/j.jebo.2013.12.016},
	langid = {en}
}

@article{murphy2019,
	title = {Testing the independence of self-reported interoceptive accuracy and attention},
	author = {Murphy, Jennifer and Brewer, Rebecca and Plans, David and Khalsa, Sahib S and Catmur, Caroline and Bird, Geoffrey},
	year = {2019},
	month = {10},
	date = {2019-10-10},
	journal = {Quarterly Journal of Experimental Psychology},
	pages = {115--133},
	volume = {73},
	number = {1},
	doi = {10.1177/1747021819879826},
	url = {http://dx.doi.org/10.1177/1747021819879826},
	langid = {en}
}

@article{mehling2012,
	title = {The Multidimensional Assessment of Interoceptive Awareness (MAIA)},
	author = {Mehling, Wolf E. and Price, Cynthia and Daubenmier, Jennifer J. and Acree, Mike and Bartmess, Elizabeth and Stewart, Anita},
	editor = {Tsakiris, Manos},
	year = {2012},
	month = {11},
	date = {2012-11-01},
	journal = {PLoS ONE},
	pages = {e48230},
	volume = {7},
	number = {11},
	doi = {10.1371/journal.pone.0048230},
	url = {http://dx.doi.org/10.1371/journal.pone.0048230},
	langid = {en}
}

@article{lin2023,
	title = {Psychometric validation and refinement of the Chinese Interoceptive Accuracy Scale (IAS) in general population and patients with chronic pain},
	author = {Lin, Xiao-Xiao and Shen, Hao-Ran and Lin, Jie-Xuan and Zhang, Yu-Han and Murphy, Jennifer and Wang, Yu-Zheng and Sun, Ya-Bin and Wang, Ning and Wang, Jin-Yan and Wei, Gao-Xia and Luo, Fei},
	year = {2023},
	month = {12},
	date = {2023-12},
	journal = {Journal of Psychosomatic Research},
	pages = {111541},
	volume = {175},
	doi = {10.1016/j.jpsychores.2023.111541},
	url = {http://dx.doi.org/10.1016/j.jpsychores.2023.111541},
	langid = {en}
}

@misc{campos2021,
	title = {Untangling Self-Reported Interoceptive Attention and Accuracy: Evidence from the European Portuguese Validation of the Body Perception Questionnaire and the Interoceptive Accuracy Scale},
	author = {Campos, Carlos and Rocha, Nuno Barbosa and Barbosa, Fernando},
	year = {2021},
	month = {08},
	date = {2021-08-13},
	url = {http://dx.doi.org/10.31234/osf.io/a7wdj}
}

@article{brand2023,
	title = {A multi-site German validation of the Interoceptive Accuracy Scale and its relation to psychopathological symptom burden},
	author = {Brand, Sebastian and Meis, Annelie Claudia and {Tünte}, Markus Roman and Murphy, Jennifer and Woller, Joshua Pepe and Jungmann, Stefanie Maria and {Witthöft}, Michael and Hoehl, Stefanie and Weymar, Mathias and Hermann, Christiane and Ventura-Bort, Carlos},
	year = {2023},
	month = {09},
	date = {2023-09-05},
	journal = {Communications Psychology},
	volume = {1},
	number = {1},
	doi = {10.1038/s44271-023-00016-x},
	url = {http://dx.doi.org/10.1038/s44271-023-00016-x},
	langid = {en}
}

@article{christensen2021,
	title = {Estimating the Stability of Psychological Dimensions via Bootstrap Exploratory Graph Analysis: A Monte Carlo Simulation and Tutorial},
	author = {Christensen, Alexander P. and Golino, Hudson},
	year = {2021},
	month = {08},
	date = {2021-08-27},
	journal = {Psych},
	pages = {479--500},
	volume = {3},
	number = {3},
	doi = {10.3390/psych3030032},
	url = {http://dx.doi.org/10.3390/psych3030032},
	langid = {en}
}

@article{herbert2011,
	title = {On the Relationship Between Interoceptive Awareness and Alexithymia: Is Interoceptive Awareness Related to Emotional Awareness?},
	author = {Herbert, Beate M. and Herbert, Cornelia and Pollatos, Olga},
	year = {2011},
	month = {09},
	date = {2011-09-26},
	journal = {Journal of Personality},
	pages = {1149--1175},
	volume = {79},
	number = {5},
	doi = {10.1111/j.1467-6494.2011.00717.x},
	url = {http://dx.doi.org/10.1111/j.1467-6494.2011.00717.x},
	langid = {en}
}

@article{dubois2016,
	title = {Interoception in Autism Spectrum Disorder: A review},
	author = {DuBois, Denise and Ameis, Stephanie H. and Lai, {Meng{-}Chuan} and Casanova, Manuel F. and Desarkar, Pushpal},
	year = {2016},
	month = {06},
	date = {2016-06-03},
	journal = {International Journal of Developmental Neuroscience},
	pages = {104--111},
	volume = {52},
	number = {1},
	doi = {10.1016/j.ijdevneu.2016.05.001},
	url = {http://dx.doi.org/10.1016/j.ijdevneu.2016.05.001},
	langid = {en}
}

@article{ruisch2022,
	title = {Sensitive liberals and unfeeling conservatives? {\emph{Interoceptive sensitivity predicts political liberalism}}},
	author = {Ruisch, Benjamin C. and Von Mohr, Mariana and Naber, Marnix and Tsakiris, Manos and Fazio, Russell H. and Scheepers, Daan T.},
	year = {2022},
	date = {2022},
	journal = {Politics and the Life Sciences},
	pages = {256--275},
	volume = {41},
	number = {2},
	doi = {10.1017/pls.2022.18},
	url = {http://dx.doi.org/10.1017/pls.2022.18},
	langid = {en}
}

@misc{makowski2023,
	title = {The Heart can Lie: The Role of Interoception and Theory of Mind in Deception},
	author = {Makowski, Dominique and Lau, Zen Juen and Pham, Tam and Te, Anshu and Kirk, Stephanie and Liauw Yong Tong, Claudia},
	year = {2023},
	month = {04},
	date = {2023-04-23},
	url = {http://dx.doi.org/10.31234/osf.io/p342w}
}

@misc{makowski2023a,
	title = {The Heart can Lie: The Role of Interoception and Theory of Mind in Deception},
	author = {Makowski, Dominique and Lau, Zen Juen and Pham, Tam and Te, Anshu and Kirk, Stephanie and Liauw Yong Tong, Claudia},
	year = {2023},
	month = {04},
	date = {2023-04-23},
	url = {http://dx.doi.org/10.31234/osf.io/p342w}
}

@article{solanolópez2018,
	title = {Dimensions of Body-Awareness and Depressed Mood and Anxiety},
	author = {{Solano López}, Ana Laura and Moore, Shirley},
	year = {2018},
	month = {09},
	date = {2018-09-04},
	journal = {Western Journal of Nursing Research},
	pages = {834--853},
	volume = {41},
	number = {6},
	doi = {10.1177/0193945918798374},
	url = {http://dx.doi.org/10.1177/0193945918798374},
	langid = {en}
}

@article{erle2021,
	title = {Did my heart just leap or sink? The role of personality for the relation between cardiac interoception and well-being},
	author = {Erle, Thorsten M. and Mitschke, Vanessa and Schultchen, Dana},
	year = {2021},
	month = {02},
	date = {2021-02},
	journal = {Personality and Individual Differences},
	pages = {110493},
	volume = {170},
	doi = {10.1016/j.paid.2020.110493},
	url = {http://dx.doi.org/10.1016/j.paid.2020.110493},
	langid = {en}
}

@article{torregrossa2022,
	title = {Interoceptive functioning in schizophrenia and schizotypy},
	author = {Torregrossa, {Lénie J.} and Amedy, Amad and Roig, Jacqueline and Prada, Andrea and Park, Sohee},
	year = {2022},
	month = {01},
	date = {2022-01},
	journal = {Schizophrenia Research},
	pages = {151--159},
	volume = {239},
	doi = {10.1016/j.schres.2021.11.046},
	url = {http://dx.doi.org/10.1016/j.schres.2021.11.046},
	langid = {en}
}

@article{ruisch2022a,
	title = {Sensitive liberals and unfeeling conservatives? {\emph{Interoceptive sensitivity predicts political liberalism}}},
	author = {Ruisch, Benjamin C. and Von Mohr, Mariana and Naber, Marnix and Tsakiris, Manos and Fazio, Russell H. and Scheepers, Daan T.},
	year = {2022},
	date = {2022},
	journal = {Politics and the Life Sciences},
	pages = {256--275},
	volume = {41},
	number = {2},
	doi = {10.1017/pls.2022.18},
	url = {http://dx.doi.org/10.1017/pls.2022.18},
	langid = {en}
}

@article{clifton2020,
	title = {Testing If Primal World Beliefs Reflect Experiences{\textemdash}Or at Least Some Experiences Identified ad hoc},
	author = {Clifton, Jeremy D. W.},
	year = {2020},
	month = {06},
	date = {2020-06-24},
	journal = {Frontiers in Psychology},
	volume = {11},
	doi = {10.3389/fpsyg.2020.01145},
	url = {http://dx.doi.org/10.3389/fpsyg.2020.01145}
}

@article{garner1983,
  title={Development and validation of a multidimensional eating disorder inventory for anorexia nervosa and bulimia},
  author={Garner, David M and Olmstead, Marion P and Polivy, Janet},
  journal={International journal of eating disorders},
  volume={2},
  number={2},
  pages={15--34},
  year={1983},
  publisher={Wiley Online Library}
}

@article{koike2023,
  title={Development and Validation of Japanese Versions of the Interoceptive Accuracy Scale and Interoceptive Attention Scale},
  author={Koike, Hikaru and Nomura, Michio},
  journal={SAGE Open},
  volume={13},
  number={4},
  pages={21582440231214639},
  year={2023},
  publisher={SAGE Publications Sage CA: Los Angeles, CA}
}

@article{arslanova2022,
  title={Seeing through each other’s hearts: Inferring others’ heart rate as a function of own heart rate perception and perceived social intelligence},
  author={Arslanova, Irena and Galvez-Pol, Alejandro and Kilner, James and Finotti, Gianluca and Tsakiris, Manos},
  journal={Affective Science},
  volume={3},
  number={4},
  pages={862--877},
  year={2022},
  publisher={Springer}
}  
  
@article{morin2016,
  title={A Bifactor Exploratory Structural Equation Modeling Framework for the Identification of Distinct Sources of Construct-Relevant Psychometric Multidimensionality}, 
  volume={23}, ISSN={1532-8007}, 
  url={http://dx.doi.org/10.1080/10705511.2014.961800}, DOI={10.1080/10705511.2014.961800}, 
  number={1}, 
  journal={Structural Equation Modeling: A Multidisciplinary Journal}, 
  publisher={Informa UK Limited}, author={Morin, Alexandre J. S. and Arens, A. Katrin and Marsh, Herbert W.}, 
  year={2015}, 
  month=jun, 
  pages={116–139} }  

@article{todd2022,
  title={Are some interoceptive sensibility components more central than others? Using item pool visualisation to understand the psychometric representation of interoception},
  author={Todd, Jennifer and Swami, Viren and Aspell, Jane E and Furnham, Adrian and Horne, George and Stieger, Stefan},
  journal={Plos one},
  volume={17},
  number={12},
  pages={e0277894},
  year={2022},
  publisher={Public Library of Science San Francisco, CA USA}
}

@article{cabrera2018assessing,
  title={Assessing body awareness and autonomic reactivity: Factor structure and psychometric properties of the Body Perception Questionnaire-Short Form (BPQ-SF)},
  author={Cabrera, Ana and Kolacz, Jacek and Pailhez, Guillem and Bulbena-Cabre, Andrea and Bulbena, Antonio and Porges, Stephen W},
  journal={International journal of methods in psychiatric research},
  volume={27},
  number={2},
  pages={e1596},
  year={2018},
  publisher={Wiley Online Library}
}

@article{gaggero2021,
  title={Clarifying the relationship between alexithymia and subjective interoception},
  author={Gaggero, Giulia and Bizzego, Andrea and Dellantonio, Sara and Pastore, Luigi and Lim, Mengyu and Esposito, Gianluca},
  journal={PLoS One},
  volume={16},
  number={12},
  pages={e0261126},
  year={2021},
  publisher={Public Library of Science San Francisco, CA USA}
}

@article{brand2022,
  title={The differential relationship between self-reported interoceptive accuracy and attention with psychopathology},
  author={Brand, Sebastian and Petzke, Tara M and Witth{\"o}ft, Michael},
  journal={Zeitschrift f{\"u}r Klinische Psychologie und Psychotherapie},
  year={2022},
  publisher={Hogrefe Verlag}
}

@article{von2023,
  title={My social comfort zone: Attachment anxiety shapes peripersonal and interpersonal space},
  author={Von Mohr, Mariana and Silva, Paulo C and Vagnoni, Eleonora and Bracher, Angelika and Bertoni, Tommaso and Serino, Andrea and Banissy, Michael J and Jenkinson, Paul M and Fotopoulou, Aikaterini},
  journal={Iscience},
  volume={26},
  number={2},
  year={2023},
  publisher={Elsevier}
}

@article{desmedt2022measures,
  title={What do measures of self-report interoception measure? Insights from a systematic review, latent factor analysis, and network approach},
  author={Desmedt, Olivier and Heeren, Alexandre and Corneille, Olivier and Luminet, Olivier},
  journal={Biological Psychology},
  volume={169},
  pages={108289},
  year={2022},
  publisher={Elsevier}
}

@article{mehling2018multidimensional,
  title={The multidimensional assessment of interoceptive awareness, version 2 (MAIA-2)},
  author={Mehling, Wolf E and Acree, Michael and Stewart, Anita and Silas, Jonathan and Jones, Alexander},
  journal={PloS one},
  volume={13},
  number={12},
  pages={e0208034},
  year={2018},
  publisher={Public Library of Science San Francisco, CA USA}
}

@article{rodriguez2016evaluating,
  title={Evaluating bifactor models: Calculating and interpreting statistical indices.},
  author={Rodriguez, Anthony and Reise, Steven P and Haviland, Mark G},
  journal={Psychological methods},
  volume={21},
  number={2},
  pages={137},
  year={2016},
  publisher={American Psychological Association}
}

@article{golino2017exploratory,
  title={Exploratory graph analysis: A new approach for estimating the number of dimensions in psychological research},
  author={Golino, Hudson F and Epskamp, Sacha},
  journal={PloS one},
  volume={12},
  number={6},
  pages={e0174035},
  year={2017},
  publisher={Public Library of Science San Francisco, CA USA}
}

@article{baer2006using,
  title={Using self-report assessment methods to explore facets of mindfulness},
  author={Baer, Ruth A and Smith, Gregory T and Hopkins, Jaclyn and Krietemeyer, Jennifer and Toney, Leslie},
  journal={Assessment},
  volume={13},
  number={1},
  pages={27--45},
  year={2006},
  publisher={Sage Publications Sage CA: Thousand Oaks, CA}
}

@article{porges1993body,
  title={Body perception questionnaire},
  author={Porges, S},
  journal={Laboratory of Developmental Assessment, University of Maryland},
  volume={10},
  pages={s15327752jpa5304\_1},
  year={1993}
}

@article{cabrera2018assessing,
  title={Assessing body awareness and autonomic reactivity: Factor structure and psychometric properties of the Body Perception Questionnaire-Short Form (BPQ-SF)},
  author={Cabrera, Ana and Kolacz, Jacek and Pailhez, Guillem and Bulbena-Cabre, Andrea and Bulbena, Antonio and Porges, Stephen W},
  journal={International journal of methods in psychiatric research},
  volume={27},
  number={2},
  pages={e1596},
  year={2018},
  publisher={Wiley Online Library}
}

@article{brewer2016alexithymia,
  title={Alexithymia: a general deficit of interoception},
  author={Brewer, Rebecca and Cook, Richard and Bird, Geoffrey},
  journal={Royal Society open science},
  volume={3},
  number={10},
  pages={150664},
  year={2016},
  publisher={The Royal Society}
}

@article{gabriele2022dissociations,
  title={Dissociations between self-reported interoceptive accuracy and attention: Evidence from the Interoceptive Attention Scale},
  author={Gabriele, Eleonora and Spooner, Ria and Brewer, Rebecca and Murphy, Jennifer},
  journal={Biological psychology},
  volume={168},
  pages={108243},
  year={2022},
  publisher={Elsevier}
}

@article{poerio2024interoceptive,
  title={Interoceptive attention and mood in daily life: an experience-sampling study},
  author={Poerio, Giulia L and Klabunde, Megan and Bird, Geoffrey and Murphy, Jennifer},
  journal={Philosophical Transactions of the Royal Society B},
  volume={379},
  number={1908},
  pages={20230256},
  year={2024},
  publisher={The Royal Society}
}

@article{golino2017exploratory,
  title={Exploratory graph analysis: A new approach for estimating the number of dimensions in psychological research},
  author={Golino, Hudson F and Epskamp, Sacha},
  journal={PloS one},
  volume={12},
  number={6},
  pages={e0174035},
  year={2017},
  publisher={Public Library of Science San Francisco, CA USA}
}

@article{christensen2023unique,
  title={Unique variable analysis: A network psychometrics method to detect local dependence},
  author={Christensen, Alexander P and Garrido, Luis Eduardo and Golino, Hudson},
  journal={Multivariate Behavioral Research},
  volume={58},
  number={6},
  pages={1165--1182},
  year={2023},
  publisher={Taylor \& Francis}
}

@article{schandry1981heart,
  title={Heart beat perception and emotional experience},
  author={Schandry, Rainer},
  journal={Psychophysiology},
  volume={18},
  number={4},
  pages={483--488},
  year={1981},
  publisher={Wiley Online Library}
}

@article{kleckner2015methodological,
  title={Methodological recommendations for a heartbeat detection-based measure of interoceptive sensitivity},
  author={Kleckner, Ian R and Wormwood, Jolie Baumann and Simmons, W Kyle and Barrett, Lisa Feldman and Quigley, Karen S},
  journal={Psychophysiology},
  volume={52},
  number={11},
  pages={1432--1440},
  year={2015},
  publisher={Wiley Online Library}
}